<record><leader>00000cas a2200000 a 4500</leader><controlfield tag="001">11328442</controlfield><controlfield tag="008">841030d1973197umouer ne      0    0eng c</controlfield><datafield ind1=" " ind2=" " tag="010"><subfield code="a">sn 84024815 </subfield></datafield><datafield ind1=" " ind2=" " tag="040"><subfield code="a">NPV</subfield><subfield code="b">eng</subfield><subfield code="c">NPV</subfield><subfield code="d">KNP</subfield><subfield code="d">MQN</subfield><subfield code="d">KNP</subfield><subfield code="d">MQN</subfield><subfield code="d">NVF</subfield><subfield code="d">NVK</subfield><subfield code="d">NVF</subfield><subfield code="d">NYS</subfield><subfield code="d">DLC</subfield><subfield code="d">OCLCQ</subfield><subfield code="d">OCLCF</subfield><subfield code="d">OCLCO</subfield></datafield><datafield ind1=" " ind2=" " tag="042"><subfield code="a">pcc</subfield></datafield><datafield ind1=" " ind2=" " tag="043"><subfield code="a">n-us-mo</subfield></datafield><datafield ind1="0" ind2="0" tag="245"><subfield code="a">St. Louis today.</subfield></datafield><datafield ind1="3" ind2=" " tag="246"><subfield code="a">Saint Louis today</subfield></datafield><datafield ind1=" " ind2=" " tag="260"><subfield code="a">St. Louis, Mo. :</subfield><subfield code="b">[s.n.],</subfield><subfield code="c">1973-</subfield></datafield><datafield ind1=" " ind2=" " tag="300"><subfield code="a">v.</subfield></datafield><datafield ind1=" " ind2=" " tag="310"><subfield code="a">Biweekly,</subfield><subfield code="b">Nov. 9/23, 1973-&lt;Feb. 13/Mar. 5, 1975&gt;</subfield></datafield><datafield ind1=" " ind2=" " tag="321"><subfield code="a">Triweekly,</subfield><subfield code="b">Sept. 7/8-Oct. 5/6, 1973</subfield></datafield><datafield ind1="0" ind2=" " tag="362"><subfield code="a">Vol. 1, no. 1 (Sept. 7/8, 1973)-</subfield></datafield><datafield ind1=" " ind2=" " tag="500"><subfield code="a">"St. Louis Today ... will continue in operation until the end of the current newspaper strike."</subfield></datafield><datafield ind1=" " ind2=" " tag="500"><subfield code="a">" ... produced by local newsworkers from the two metropolitan dailies." [St. Louis post-dispatch; St. Louis globe-Democrat].</subfield></datafield><datafield ind1=" " ind2=" " tag="500"><subfield code="a">Editor: H. Barnes.</subfield></datafield><datafield ind1=" " ind2=" " tag="500"><subfield code="a">"Strike newspapers."</subfield></datafield><datafield ind1=" " ind2=" " tag="580"><subfield code="a">Published Sept. 7/8, 1973-&lt;&gt; as replacement for: St. Louis post-dispatch, and: St. Louis globe-Democrat (Saint Louis, Mo. : 1875) during strike, (Aug. 23-Oct. 6, 1973).</subfield></datafield><datafield ind1=" " ind2="0" tag="651"><subfield code="a">Saint Louis (Mo.)</subfield><subfield code="v">Newspapers.</subfield></datafield><datafield ind1=" " ind2="7" tag="655"><subfield code="a">Newspapers.</subfield><subfield code="2">fast</subfield><subfield code="0">(OCoLC)fst01423814</subfield></datafield><datafield ind1=" " ind2="7" tag="651"><subfield code="a">Missouri</subfield><subfield code="z">Saint Louis.</subfield><subfield code="2">fast</subfield><subfield code="0">(OCoLC)fst01204930</subfield></datafield><datafield ind1=" " ind2=" " tag="752"><subfield code="a">United States</subfield><subfield code="b">Missouri</subfield><subfield code="d">Saint Louis.</subfield></datafield><datafield ind1="1" ind2=" " tag="787"><subfield code="t">St. Louis post-dispatch</subfield><subfield code="w">(DLC)sn 83045501</subfield></datafield><datafield ind1="1" ind2=" " tag="787"><subfield code="t">St. Louis globe-Democrat (Saint Louis, Mo. : 1875)</subfield><subfield code="w">(DLC)sn 83045405</subfield></datafield></record>